<?xml version="1.0" encoding="UTF-8"?><collection xmlns="http://www.loc.gov/MARC21/slim"><record><leader>00365nam--2200133-i-4500</leader><controlfield tag="001">000011896</controlfield><controlfield tag="002">20161230</controlfield><controlfield tag="005">20161230201029</controlfield><controlfield tag="008">060222s1000------------r-----000-0-eng-d</controlfield><datafield ind1=" " ind2=" " tag="080"><subfield code="a">681.3.02(043)</subfield></datafield><datafield ind1=" " ind2=" " tag="100"><subfield code="a">Bervas ,Alexis</subfield></datafield><datafield ind1=" " ind2=" " tag="245"><subfield code="a">Etude de realisation d un generateur de foncti ons programmable.these</subfield></datafield><datafield ind1=" " ind2=" " tag="260"><subfield code="a">Rennes,Universite, 1975. 144 P</subfield></datafield><datafield ind1=" " ind2=" " tag="852"><subfield code="a">44048</subfield></datafield></record></collection>